<record><leader>00000cas a22000007a 4500</leader><controlfield tag="001">12413051</controlfield><controlfield tag="008">850822d19121931njucr ne      0    0eng d</controlfield><datafield ind1=" " ind2=" " tag="010"><subfield code="a">sn 85036010 </subfield></datafield><datafield ind1=" " ind2=" " tag="040"><subfield code="a">NPA</subfield><subfield code="b">eng</subfield><subfield code="c">NPA</subfield><subfield code="d">NJW</subfield><subfield code="d">OCLCQ</subfield></datafield><datafield ind1=" " ind2=" " tag="042"><subfield code="a">msc</subfield></datafield><datafield ind1="0" ind2="0" tag="245"><subfield code="a">Rahway daily record, and New Jersey advocate.</subfield></datafield><datafield ind1="3" ind2="0" tag="246"><subfield code="a">Rahway record, and New Jersey advocate</subfield></datafield><datafield ind1="3" ind2="0" tag="246"><subfield code="a">Rahway record, New Jersey advocate</subfield></datafield><datafield ind1=" " ind2=" " tag="260"><subfield code="a">Rahway, N.J. :</subfield><subfield code="b">Rahway Pub. Co.,</subfield><subfield code="c">1912-1931.</subfield></datafield><datafield ind1=" " ind2=" " tag="300"><subfield code="a">v. :</subfield><subfield code="b">ill.</subfield></datafield><datafield ind1=" " ind2=" " tag="310"><subfield code="a">Semiweekly,</subfield><subfield code="b">&lt;Aug. 6, 1912&gt;-Aug. 4, 1931</subfield></datafield><datafield ind1=" " ind2=" " tag="321"><subfield code="a">Daily (except Sun.),</subfield><subfield code="b">Jan. 11-&lt;July 31&gt;, 1912</subfield></datafield><datafield ind1="0" ind2=" " tag="362"><subfield code="a">Vol. 1, no. 126 (Jan. 11, 1912)-v. 20, no. 2271 (Aug. 4, 1931).</subfield></datafield><datafield ind1=" " ind2=" " tag="500"><subfield code="a">Published as: Rahway record, and New Jersey advocate, &lt;Aug. 6-Oct. 8, 1912&gt;; as: Rahway record, New Jersey advocate, &lt;Oct. 11, 1912&gt;-Aug. 4, 1931.</subfield></datafield><datafield ind1=" " ind2=" " tag="515"><subfield code="a">Continues the numbering of: Rahway daily record.</subfield></datafield><datafield ind1=" " ind2=" " tag="752"><subfield code="a">United States</subfield><subfield code="b">New Jersey</subfield><subfield code="c">Union</subfield><subfield code="d">Rahway.</subfield></datafield><datafield ind1="0" ind2="4" tag="780"><subfield code="t">Rahway daily record</subfield><subfield code="w">(DLC)sn 85035968</subfield><subfield code="w">(OCoLC)12413040</subfield></datafield><datafield ind1="0" ind2="4" tag="780"><subfield code="t">New Jersey advocate (Rahway, N.J.)</subfield><subfield code="w">(DLC)sn 84045017</subfield><subfield code="w">(OCoLC)1376025</subfield></datafield><datafield ind1="0" ind2="5" tag="780"><subfield code="t">Rahway news-herald</subfield><subfield code="w">(DLC)sn 85035983</subfield><subfield code="w">(OCoLC)12413036</subfield></datafield><datafield ind1="0" ind2="0" tag="785"><subfield code="t">Rahway record</subfield><subfield code="w">(DLC)sn 85035864</subfield><subfield code="w">(OCoLC)12413059</subfield></datafield></record>